@Article{ay:multiple,
  Title                    = {Multiple dimensions of epigenetic gene
regulation in the malaria parasite {{\em Plasmodium}} {\em falciparum}},
  Author                   = {F. Ay and E. M. Bunnik and N. Varoquaux and
J.-P. Vert and W. S. Noble and K. G. {Le Roch}},
  Journal                  = {Bioessays},
  Year                     = {2015},
  Number                   = {2},
  Pages                    = {182--194},
  Volume                   = {37}
}

@Article{ay:three-dimensional,
  Title                    = {Three-dimensional modeling of the {{\em P.}}
{\em falciparum}
 genome during the erythrocytic cycle reveals a strong connection between
genome architecture and gene expression},
  Author                   = {F. Ay and E. M. Bunnik and N. Varoquaux and S.
M. Bol and
 J. Prudhomme and J.-P. Vert and W. S. Noble and K. G. {Le Roch}},
  Journal                  = {Genome Research},
  Year                     = {2014},
  Pages                    = {974--988},
  Volume                   = {24}
}

@article{ay:analysis,
  title={Analysis methods for studying the {3D} architecture of the genome},
  author={F. Ay and W. S. Noble},
  journal={Genome Biology},
  volume={16},
  number={1},
  pages={1--15},
  year={2015},
  publisher={Springer}
}

@Article{varoquaux:statistical,
  Title                    = {{A} statistical approach for inferring the 3{D}
 structure of the genome},
  Author                   = {N. Varoquaux and F. Ay and W. S. Noble and J.-P.
Vert},
  Journal                  = {Bioinformatics},
  Year                     = {2014},
  Number                   = {12},
  Pages                    = {i26--i33},
  Volume                   = {30},

  Pmc                      = {PMC4229903}
}

@Unpublished{varoquaux:inference,
  author =       {N. Varoquaux and W. S. Noble and J.-P. Vert},
  title =        {Inference of genome {3D} architecture by modeling
overdispersion of {Hi-C} data},
  note =         {Manuscript in preparation},
  year =      2016}

@Article{lemieux:genome-wide,
  Title                    = {Genome-wide profiling of chromosome interactions
in {{\em Plasmodium}} {\em falciparum} characterizes nuclear architecture and
reconfigurations associated with antigenic variation},
  Author                   = {J. E. Lemieux and S. A. Kyes and T. D. Otto and
A. I. Feller and R. T. Eastman and R. A. Pinches and M. Berriman and X. Z. Su
and C. I. Newbold},
  Journal                  = {Mol Microbiol},
  Year                     = {2013},
  Number                   = {3},
  Pages                    = {519â€“-537},
  Volume                   = {90}
}


@InCollection{bunnik:epigenetics,
  author =       {E. M. Bunnik and K. {Le Roch}},
  title =        {Epigenetics of malaria parasite},
  booktitle =    {Epigenetics and Infectious Diseases},
  publisher = {Springer},
  year =         2016,
  editor =       {W. Doerfler and P. Boehm and M. Noyer-Weidner and J.
Casadesus}}

@InCollection{bunnik:mechanisms,
  author =       {E. M. Bunnik and K. {Le Roch}},
  title =        {Mechanisms regulating transcription in {{\em
                  Plasmodium}} {\em falciparum} as targets for novel
                  antimalarial drugs},
  booktitle =    {Comprehensive Analysis of Parasite Biology},
  publisher = {Wiley},
  year =         2016,
  editor =       {S. M\"{u}ller and R. Cerdan and E. Guca and O. Radulescu}}

